@article{A1,  
 title={Bounded Model Checking Using Satisfiability Solving}, 
 url={http://dx.doi.org/10.1023/a:1011276507260}, 
 DOI={10.1023/a:1011276507260}, 
 journal={Formal Methods in System Design}, 
 author={Clarke, Edmund and Biere, Armin and Raimi, Richard and Zhu, Yunshan}, 
 year={2001}, 
 month={Jan}, 
 pages={7–34}, 
 language={en-US} 
 }
 @article{A2,  
 title={Efficient SAT-based bounded model checking for software 
 verification}, 
 volume={404}, 
 url={https://doi.org/10.1016/j.tcs.2008.03.013}, 
 DOI={10.1016/j.tcs.2008.03.013}, 
 number={3}, 
 journal={Theoretical Computer Science}, 
 author={Ivančić, Franjo and Yang, Zijiang and Ganai, Malay K. 
 and Gupta, Aarti and Ashar, Pranav}, 
 year={2008}, 
 month={Sep}, 
 pages={256–274}, 
 language={en-US} 
 }
 @inproceedings{B1,  
 title={Boolean satisfiability in electronic design 
 automation}, 
 url={https://doi.org/10.1145/337292.337611}, 
 DOI={10.1145/337292.337611}, 
 booktitle={Proceedings of the 37th conference on Design 
 automation  - DAC ’00}, 
 author={Marques-Silva, João P. and Sakallah, Karem A.}, 
 year={2000}, 
 month={Jan}, 
 pages={675–680}, 
 language={en-US} 
 }
 @inbook{B2,  
 title={Checking Safety Properties Using Induction and a SAT- 
 Solver}, 
 url={http://dx.doi.org/10.1007/3-540-40922-x_8}, 
 DOI={10.1007/3-540-40922-x_8}, 
 booktitle={Formal Methods in Computer-Aided Design,Lecture 
 Notes in Computer Science}, 
 author={Sheeran, Mary and Singh, Satnam and Stålmarck, 
 Gunnar}, 
 year={2000}, 
 month={Jan}, 
 pages={127–144}, 
 language={en-US}, 
 publisher={n.d.}
 }
 @article{A3,  
 title={Fast probabilistic planning through weighted model 
 counting}, 
 author={Domshlak, Carmel and Hoffmann, Jörg}, 
 year={2006}, 
 month={Jun}, 
 language={en-US},
 journal={n.d.}
 }
 @article{A4, 
 title={Technical Foundations of a DPLL-Based SAT Solver for 
 Propositional Gödel Logic}, 
 volume={26}, 
 url={http://dx.doi.org/10.1109/tfuzz.2016.2637374}, 
 DOI={10.1109/tfuzz.2016.2637374}, 
 number={1}, 
 journal={IEEE Transactions on Fuzzy Systems}, 
 publisher={Institute of Electrical and Electronics Engineers 
 (IEEE)}, 
 author={Guller, Dusan}, 
 year={2018_02}, 
 month={Feb}, 
 pages={84–100} 
 }
 @article{A5, 
 title={Solving SAT and SAT Modulo Theories},
 volume={53}, 
 url={http://dx.doi.org/10.1145/1217856.1217859}, 
 DOI={10.1145/1217856.1217859},
 number={6}, 
 journal={Journal of the ACM}, 
 publisher={Association for Computing Machinery (ACM)}, 
 author={Nieuwenhuis, Robert and Oliveras, Albert and Tinelli, 
 Cesare}, 
 year={2006_11}, 
 month={Nov}, 
 pages={937–977}, 
 language={en} 
 }
 @article{A6, 
 title={Leveraging belief propagation, backtrack search, and 
 statistics for model counting}, 
 volume={184}, url={http://dx.doi.org/10.1007/s10479-009-0680- 
 7}, 
 DOI={10.1007/s10479-009-0680-7}, 
 number={1}, journal={Annals of Operations Research}, 
 publisher={Springer Science and Business Media LLC}, 
 author={Kroc, Lukas and Sabharwal, Ashish and Selman, Bart}, 
 year={2010_01}, 
 month={Jan}, 
 pages={209–231}, 
 language={en} }
 @article{A7, 
 title={Learning Branching Heuristics for Propositional Model 
 Counting}, 
 volume={35}, 
 url={http://dx.doi.org/10.1609/aaai.v35i14.17474}, 
 DOI={10.1609/aaai.v35i14.17474}, 
 number={14}, 
 journal={Proceedings of the AAAI Conference on Artificial 
 Intelligence},
 publisher={Association for the Advancement of Artificial 
 Intelligence (AAAI)}, 
 author={Vaezipoor, Pashootan and Lederman, Gil and Wu, Yuhuai 
 and Maddison, Chris and Grosse, Roger B and Seshia, Sanjit A. 
 and Bacchus, Fahiem}, 
 year={2021_05}, 
 month={May}, 
 pages={12427–12435} }
 @inbook{B3, 
 title={Employing Machine Learning Models to Solve Uniform 
 Random 3-SAT}, url={http://dx.doi.org/10.1007/978-981-15-0132- 
 6_17}, 
 DOI={10.1007/978-981-15-0132-6_17}, 
 booktitle={Advances in Intelligent Systems and Computing}, 
 publisher={Springer Singapore}, 
 author={Atkari, Aditya and Dhargalkar, Nishant and Angne, 
 Hemali}, 
 year={2019_10}, 
 month={Oct}, 
 pages={255–264}, 
 language={en} }
 @inproceedings{B4, 
 title={Goal-Aware Neural SAT Solver}, 
 url={http://dx.doi.org/10.1109/ijcnn55064.2022.9892733}, 
 DOI={10.1109/ijcnn55064.2022.9892733}, 
 booktitle={2022 International Joint Conference on Neural 
 Networks (IJCNN)}, 
 publisher={IEEE}, 
 author={Ozolins, Emils and Freivalds, Karlis and Draguns, 
 Andis and Gaile, Eliza and Zakovskis, Ronalds and Kozlovics, 
 Sergejs}, 
 year={2022_07}, 
 month={Jul}, 
 pages={1–8} }
 @article{A8,  
 title={Learning To Solve Circuit-SAT: An Unsupervised 
 Differentiable Approach.}, 
 journal={International Conference on Learning 
 Representations,International Conference on Learning 
 Representations}, 
 author={Amizadeh, Saeed and Matusevych, Sergiy and Weimer, 
 Markus}, 
 year={2018}, 
 month={Sep}, 
 language={en-US} 
 }
 @article{A9,  
 title={PDP: A General Neural Framework for Learning Constraint 
 Satisfaction Solvers.}, 
 journal={Cornell University - arXiv,Cornell University - 
 arXiv}, 
 author={Amizadeh, Saeed and Matusevych, Sergiy and Weimer, 
 Markus}, 
 year={2019}, 
 month={Mar}, 
 language={en-US} 
 }
 @article{A10,  
 title={Learning Branching Heuristics for Propositional Model 
 Counting}, 
 url={https://doi.org/10.1609/aaai.v35i14.17474}, 
 DOI={10.1609/aaai.v35i14.17474}, 
 journal={Proceedings of the AAAI Conference on Artificial 
 Intelligence}, 
 author={Vaezipoor, Pashootan and Lederman, Gil and Wu, Yuhuai 
 and Maddison, Chris and Grosse, Roger B and Seshia, Sanjit A. 
 and Bacchus, Fahiem}, 
 year={2022}, 
 month={Sep}, 
 pages={12427–12435}, 
 language={en-US} 
 }
 @article{A11, 
 title={NSNet: A General Neural Probabilistic Framework for 
 Satisfiability Problems}, 
 url={https://arxiv.org/abs/2211.03880}, 
 DOI={10.48550/ARXIV.2211.03880}, 
 publisher={arXiv}, 
 author={Li, Zhaoyu and Si, Xujie}, 
 year={2022},
 journal={n.d.}
 }
 @article{A12,  
 title={Belief Propagation Neural Networks}, 
 journal={Neural Information Processing Systems,Neural 
 Information Processing Systems}, 
 author={Kuck, Jonathan and Chakraborty, Shuvam and Tang, Hao 
 and Luo, Rachel and Song, Jiaming and Sabharwal, Ashish and 
 Ermon, Stefano}, 
 year={2020}, 
 month={Jan}, 
 language={en-US} 
 }
 @article{A13, 
 title={Discovering the Representation Bottleneck of Graph 
 Neural Networks}, 
 volume={36}, 
 url={http://dx.doi.org/10.1109/tkde.2024.3446584}, 
 DOI={10.1109/tkde.2024.3446584}, 
 number={12}, 
 journal={IEEE Transactions on Knowledge and Data Engineering}, 
 publisher={Institute of Electrical and Electronics Engineers 
 (IEEE)}, 
 author={Wu, Fang and Li, Siyuan and Li, Stan Z.}, 
 year={2024_12}, 
 month={Dec}, 
 pages={7998–8008} }
 @article{A14, 
 title={Attention in Reasoning: Dataset, Analysis, and 
 Modeling}, 
 volume={44}, 
 url={http://dx.doi.org/10.1109/tpami.2021.3114582}, 
 DOI={10.1109/tpami.2021.3114582}, 
 number={11}, 
 journal={IEEE Transactions on Pattern Analysis and Machine 
 Intelligence}, 
 publisher={Institute of Electrical and Electronics Engineers 
 (IEEE)}, 
 author={Chen, Shi and Jiang, Ming and Yang, Jinhui and Zhao, 
 Qi}, 
 year={2022_11}, 
 month={Nov}, 
 pages={7310–7326} }
 @article{A15, 
 title={Iterative Join-Graph Propagation}, url= 
 {https://arxiv.org/abs/1301.0564}, 
 DOI={10.48550/ARXIV.1301.0564}, 
 publisher={arXiv}, 
 author={Dechter, Rina and Kask, Kalev and Mateescu, Robert}, 
 year={2013},
 journal={n.d.}
 }
 @inproceedings{B5,  
 title={Hierarchical Attention Networks for Document 
 Classification}, 
 url={http://dx.doi.org/10.18653/v1/n16-1174}, 
 DOI={10.18653/v1/n16-1174}, 
 booktitle={Proceedings of the 2016 Conference of the North 
 American Chapter of the Association for Computational 
 Linguistics: Human Language Technologies}, 
 author={Yang, Zichao and Yang, Diyi and Dyer, Chris and He, 
 Xiaodong and Smola, Alex and Hovy, Eduard}, 
 year={2016}, 
 month={Jan}, 
 language={en-US} 
 }
 @inproceedings{B6, 
 title={Channel Pruning Via Attention Module And Memory Curve}, 
 url={http://dx.doi.org/10.1109/icip49359.2023.10222667}, 
 DOI={10.1109/icip49359.2023.10222667}, 
 booktitle={2023 IEEE International Conference on Image 
 Processing (ICIP)}, 
 publisher={IEEE}, 
 author={Li, Hufei and Cao, Jian and Liu, Xiangcheng and Chen, 
 Jue and Shang, Jingjie and Qian, Yu and Wang, Yuan}, 
 year={2023_10}, 
 month={Oct}, 
 pages={1985–1989} }
 @article{A16, 
 title={DDK: Dynamic structure pruning based on differentiable 
 search and recursive knowledge distillation for BERT}, 
 volume={173}, 
 url={http://dx.doi.org/10.1016/j.neunet.2024.106164}, 
 DOI={10.1016/j.neunet.2024.106164}, journal={Neural Networks}, 
 publisher={Elsevier BV}, 
 author={Zhang, Zhou and Lu, Yang and Wang, Tengfei and Wei, 
 Xing and Wei, Zhen}, 
 year={2024_05}, 
 month={May}, 
 pages={106164}, 
 language={en} }
 @article{A17,
 title={Statistical Theory of Superlattices},
 volume={150}, 
 url={https://doi.org/10.1098/rspa.1935.0122}, 
 DOI={10.1098/rspa.1935.0122}, 
 number={871}, 
 journal={ Series A - Mathematical and Physical Sciences}, 
 author={Bethe, HansA.}, 
 pages={552–575}, 
 language={en-US},
 year={n.d.}
 }
 @article{A18, 
 title={Counting Independent Sets Using the Bethe Approximation}, 
 volume={25}, 
 url={http://dx.doi.org/10.1137/090767145}, 
 DOI={10.1137/090767145}, 
 number={2}, 
 journal={SIAM Journal on Discrete Mathematics}, 
 publisher={Society for Industrial & Applied Mathematics (SIAM)}, 
 author={Chandrasekaran, Venkat and Chertkov, Misha and Gamarnik, David and Shah, Devavrat and Shin, Jinwoo}, 
 year={2011_01}, 
 month={Jan}, 
 pages={1012–1034}, 
 language={en} }
 @article{A19,  
 title={BIRD: Engineering an Efficient CNF-XOR SAT Solver and Its Applications to Approximate Model Counting}, 
 url={http://dx.doi.org/10.1609/aaai.v33i01.33011592}, 
 DOI={10.1609/aaai.v33i01.33011592}, 
 journal={Proceedings of the AAAI Conference on Artificial Intelligence}, 
 author={Soos, Mate and Meel, Kuldeep S.}, 
 year={2019}, 
 month={Sep}, 
 pages={1592–1599}, 
 language={en-US} 
 }
 @inbook{B7,  
 title={Dsharp: Fast d-DNNF Compilation with sharpSAT}, 
 url={http://dx.doi.org/10.1007/978-3-642-30353-1_36}, 
 DOI={10.1007/978-3-642-30353-1_36}, 
 booktitle={Advances in Artificial Intelligence,Lecture Notes in Computer Science}, 
 author={Muise, Christian and McIlraith, Sheila A. and Beck, J. Christopher and Hsu, Eric I.}, 
 year={2012}, 
 month={Jan}, 
 pages={356–361}, 
 language={en-US},
 publisher={n.d.}
 }
 @inbook{B8,  
 title={Fast and Flexible Probabilistic Model Counting}, 
 url={https://doi.org/10.1007/978-3-319-94144-8_10}, 
 DOI={10.1007/978-3-319-94144-8_10}, 
 booktitle={Lecture Notes in Computer Science,Theory and Applications of Satisfiability Testing – SAT 2018}, 
 author={Achlioptas, Dimitris and Hammoudeh, Zayd and Theodoropoulos, Panos}, 
 year={2018}, 
 month={Jan}, 
 pages={148–164}, 
 language={en-US},
 publisher={n.d.}
 }
 @inbook{B9, 
 title={sharpSAT – Counting Models with Advanced Component Caching and Implicit BCP}, 
 url={http://dx.doi.org/10.1007/11814948_38}, 
 DOI={10.1007/11814948_38}, 
 booktitle={Lecture Notes in Computer Science}, 
 publisher={Springer Berlin Heidelberg}, 
 author={Thurley, Marc}, 
 year={2006}, 
 pages={424–429} }
 @article{A20, 
 title={ADDMC: Weighted Model Counting with Algebraic Decision Diagrams}, 
 volume={34}, 
 url={http://dx.doi.org/10.1609/aaai.v34i02.5505}, 
 DOI={10.1609/aaai.v34i02.5505}, 
 number={02}, 
 journal={Proceedings of the AAAI Conference on Artificial Intelligence}, 
 publisher={Association for the Advancement of Artificial Intelligence (AAAI)}, 
 author={Dudek, Jeffrey and Phan, Vu and Vardi, Moshe}, 
 year={2020_04}, 
 month={Apr}, 
 pages={1468–1476} }
 @article{A21, 
 title={CCDD: A Tractable Representation for Model Counting and Uniform Sampling}, 
 url={https://arxiv.org/abs/2202.10025}, 
 DOI={10.48550/ARXIV.2202.10025}, 
 publisher={arXiv}, 
 author={Lai, Yong and Meel, Kuldeep S. and Yap, Roland H. C.}, 
 year={2022},
 journal={n.d.}
 }
 @article{A22, 
 title={The Power of Literal Equivalence in Model Counting}, 
 volume={35}, url={http://dx.doi.org/10.1609/aaai.v35i5.16503}, 
 DOI={10.1609/aaai.v35i5.16503}, 
 number={5}, 
 journal={Proceedings of the AAAI Conference on Artificial Intelligence}, 
 publisher={Association for the Advancement of Artificial Intelligence (AAAI)}, 
 author={Lai, Yong and Meel, Kuldeep S. and Yap, Roland H. C.}, year={2021_05}, 
 month={May}, 
 pages={3851–3859} }
 @article{A23, 
 title={The Power of Literal Equivalence in Model Counting}, 
 volume={35}, 
 url={http://dx.doi.org/10.1609/aaai.v35i5.16503},
 DOI={10.1609/aaai.v35i5.16503}, 
 number={5}, 
 journal={Proceedings of the AAAI Conference on Artificial Intelligence}, 
 publisher={Association for the Advancement of Artificial Intelligence (AAAI)}, 
 author={Lai, Yong and Meel, Kuldeep S. and Yap, Roland H. C.}, year={2021_05}, 
 month={May}, 
 pages={3851–3859} }
 @article{A24,  
 title={Learning a SAT Solver from Single-Bit Supervision}, 
 journal={Learning,Learning}, 
 author={Selsam, Daniel and Lamm, Matthew and Bünz, Benedikt and Liang, Percy and Moura, Leonardode and Dill, DavidL.}, 
 year={2018}, 
 month={Feb}, 
 language={en-US} 
 }
 @article{A25, 
 title={Twin Neural Network Regression}, 
 url={https://arxiv.org/abs/2012.14873}, 
 DOI={10.48550/ARXIV.2012.14873}, 
 journal={arXiv}, 
 publisher={arXiv}, 
 author={Wetzel, Sebastian J. and Ryczko, Kevin and Melko, Roger G. and Tamblyn, Isaac}, 
 year={2020} }
 @mastersthesis { M1,
 author = { Yifan Zhang },
 title = {Research on Model Counting Methods Based on Machine 
 Learning},
 school = {Jilin University},
 year = {2023}
 }
 @article{A26, 
 title={Graph Neural Networks for Propositional Model Counting}, 
 url={https://arxiv.org/abs/2205.04423}, 
 DOI={10.48550/ARXIV.2205.04423}, 
 publisher={arXiv}, 
 author={Saveri, Gaia and Bortolussi, Luca}, 
 year={2022},
 journal={arXiv},
 }